@InProceedings{soudjani2015faust,
  Title                    = {FAUST$^2$: {F}ormal {A}bstractions of {U}ncountable-{ST}ate {ST}ochastic Processes.},
  Author                   = {Soudjani, Sadegh Esmaeil Zadeh and Gevaerts, Caspar and Abate, Alessandro},
  Booktitle                = {TACAS},
  Year                     = {2015},
  Pages                    = {272--286},
  Volume                   = {15}
}

@inproceedings{Cauchi18ADHS,
	author    = {Nathalie Cauchi and Alessandro Abate},
	title     = {Benchmarks for cyber-physical systems: A modular model library for buildings automation},
	booktitle = {IFAC Conference on Analysis and Design of Hybrid Systems},
	pages     = {},
	year      = {2018},
}

@Article{peva,
  Title                    = {Certified policy synthesis for general Markov decision processes: An application in building automation systems},
  Author                   = {Haesaert, Sofie and Cauchi, Nathalie and Abate, Alessandro},
  Journal                  = {Performance Evaluation},
  Year                     = {2017},
  Pages                    = {75--103},
  Volume                   = {117},

  Publisher                = {Elsevier}
}
